<?xml version="1.0" encoding="UTF-8"?><collection xmlns="http://www.loc.gov/MARC21/slim"><record><leader>00708nam--2200205-u-4500</leader><controlfield tag="001">000054106</controlfield><controlfield tag="002">20161230</controlfield><controlfield tag="005">20161230201051</controlfield><controlfield tag="008">110802s1000------------r-----000-0-eng-d</controlfield><datafield ind1=" " ind2=" " tag="040"><subfield code="a">IFIN-HH</subfield></datafield><datafield ind1=" " ind2=" " tag="080"><subfield code="a">537.311.33:539.213(061.3)</subfield></datafield><datafield ind1="1" ind2=" " tag="100"><subfield code="a">Evangelisti, F</subfield></datafield><datafield ind1="1" ind2="0" tag="245"><subfield code="a">Amorphous and liquid semiconductors part 1</subfield><subfield code="b">Proceedings of the eleventh international conference on amorphous and liquid semiconductors, rome, italy, september 2-6, 1985</subfield><subfield code="c">F. evangelisti, j. stuke (eds.)</subfield></datafield><datafield ind1=" " ind2=" " tag="260"><subfield code="a">Amsterdam</subfield><subfield code="b">North-holland</subfield><subfield code="c">1985</subfield></datafield><datafield ind1=" " ind2=" " tag="300"><subfield code="a">742P</subfield></datafield><datafield ind1=" " ind2=" " tag="490"><subfield code="a">Proceedings</subfield></datafield><datafield ind1=" " ind2=" " tag="501"><subfield code="a">Donatie Calboreanu Alexandru</subfield></datafield><datafield ind1="1" ind2=" " tag="700"><subfield code="a">Struke, J</subfield><subfield code="e">Ed</subfield></datafield><datafield ind1=" " ind2=" " tag="852"><subfield code="a">81113</subfield><subfield code="c">537.311.33</subfield></datafield><datafield ind1=" " ind2=" " tag="CAT"><subfield code="a">Sys</subfield><subfield code="c">20110802</subfield><subfield code="h">164444</subfield></datafield></record></collection>